<?xml version="1.0" encoding="UTF-8"?><record xmlns="http://www.loc.gov/MARC21/slim" xmlns:cinclude="http://apache.org/cocoon/include/1.0" xmlns:zs="http://www.loc.gov/zing/srw/">
  <leader>00701nz  a2200157n  4500</leader>
  <controlfield tag="001">no2008099746</controlfield>
  <controlfield tag="003">DLC</controlfield>
  <controlfield tag="005">20080711075400.0</controlfield>
  <controlfield tag="008">080709n| acannaabn          |a ana      </controlfield>
  <datafield tag="010" ind1=" " ind2=" ">
    <subfield code="a">no2008099746</subfield>
  </datafield>
  <datafield tag="035" ind1=" " ind2=" ">
    <subfield code="a">(OCoLC)oca07816105</subfield>
  </datafield>
  <datafield tag="040" ind1=" " ind2=" ">
    <subfield code="a">DLC-S</subfield>
    <subfield code="b">eng</subfield>
    <subfield code="c">DLC-S</subfield>
  </datafield>
  <datafield tag="110" ind1="2" ind2=" ">
    <subfield code="a">Majmaʻ al-ʻIlmī al-ʻIrāqī.</subfield>
    <subfield code="b">Hayʼah al-Kurdīyah</subfield>
  </datafield>
  <datafield tag="410" ind1="2" ind2=" ">
    <subfield code="a">Majmaʻ al-ʻIlmī al-ʻIrāqī.</subfield>
    <subfield code="b">Destey Kurd</subfield>
  </datafield>
  <datafield tag="410" ind1="2" ind2=" ">
    <subfield code="a">Majmaʻ al-ʻIlmī al-ʻIrāqī.</subfield>
    <subfield code="b">Kurdish Corporation</subfield>
  </datafield>
  <datafield tag="670" ind1=" " ind2=" ">
    <subfield code="a">Govarî Kor̄î Zanyarî ʻÊraq "Destey Kurd", 1982:</subfield>
    <subfield code="b">t.p. (Kor̄î Zanyarî ʻÊraq "Destey Kurd") added t.p. (al-Majmaʻ al-ʻIlmī al-ʻIrāqī, "al-Hayʼah al-Kurdīyah"; Iraqi Academy, "Kurdish Corporation")</subfield>
  </datafield>
</record>